@article{PhysRevLett.98.040403,
  title = {Faster than Hermitian Quantum Mechanics},
  author = {Bender, Carl M. and Brody, Dorje C. and Jones, Hugh F. and Meister, Bernhard K.},
  journal = {Phys. Rev. Lett.},
  volume = {98},
  issue = {4},
  pages = {040403},
  numpages = {4},
  year = {2007},
  month = {Jan},
  publisher = {American Physical Society},
  doi = {10.1103/PhysRevLett.98.040403}
}

